<?xml version="1.0" encoding="UTF-8"?><collection xmlns="http://www.loc.gov/MARC21/slim"><record><leader>00443nam--2200145-i-4500</leader><controlfield tag="001">000016791</controlfield><controlfield tag="002">20161230</controlfield><controlfield tag="005">20170210021946</controlfield><controlfield tag="008">060222s1000------------r-----000-0-eng-d</controlfield><datafield ind1=" " ind2=" " tag="245"><subfield code="a">Collection securite: (safety series) nr.50-c-d code pour la surete des centrales nucleaires: conception</subfield></datafield><datafield ind1=" " ind2=" " tag="260"><subfield code="a">Vienna</subfield><subfield code="b">Iaea</subfield><subfield code="c">1989</subfield></datafield><datafield ind1=" " ind2=" " tag="300"><subfield code="a">64 p</subfield></datafield><datafield ind1=" " ind2=" " tag="490"><subfield code="a">Collection Securite, Nr.50-c-d-rev.1</subfield></datafield><datafield ind1=" " ind2=" " tag="852"><subfield code="a">621.039.58</subfield></datafield><datafield ind1=" " ind2=" " tag="CAT"><subfield code="a">SYS</subfield><subfield code="c">20170210</subfield><subfield code="h">021946</subfield></datafield></record></collection>